<record><leader>00000cas a2200000 a 4500</leader><controlfield tag="001">40942457</controlfield><controlfield tag="008">990311d1uuu19uumiuwr n       0    0eng c</controlfield><datafield ind1=" " ind2=" " tag="010"><subfield code="a">sn 99065377 </subfield></datafield><datafield ind1=" " ind2=" " tag="040"><subfield code="a">MHN</subfield><subfield code="b">eng</subfield><subfield code="c">MHN</subfield><subfield code="d">OCL</subfield><subfield code="d">OCLCQ</subfield><subfield code="d">OCLCF</subfield><subfield code="d">OCLCO</subfield></datafield><datafield ind1="1" ind2=" " tag="029"><subfield code="a">AU@</subfield><subfield code="b">000020041885</subfield></datafield><datafield ind1=" " ind2=" " tag="042"><subfield code="a">pcc</subfield></datafield><datafield ind1=" " ind2=" " tag="043"><subfield code="a">n-us-mi</subfield></datafield><datafield ind1="0" ind2="0" tag="245"><subfield code="a">Weekly state Republican.</subfield></datafield><datafield ind1=" " ind2=" " tag="260"><subfield code="a">Lansing, Mich. :</subfield><subfield code="b">Robert Smith Print. Co.</subfield></datafield><datafield ind1=" " ind2=" " tag="300"><subfield code="a">v.</subfield></datafield><datafield ind1=" " ind2=" " tag="310"><subfield code="a">Weekly</subfield></datafield><datafield ind1=" " ind2=" " tag="580"><subfield code="a">Continues: Lansing weekly Republican?</subfield></datafield><datafield ind1=" " ind2=" " tag="588"><subfield code="a">Description based on: Vol. 59, no. 1543 (Dec. 19, 1902).</subfield></datafield><datafield ind1=" " ind2="0" tag="651"><subfield code="a">Lansing (Mich.)</subfield><subfield code="v">Newspapers.</subfield></datafield><datafield ind1=" " ind2="0" tag="651"><subfield code="a">Ingham County (Mich.)</subfield><subfield code="v">Newspapers.</subfield></datafield><datafield ind1=" " ind2="7" tag="655"><subfield code="a">Newspapers.</subfield><subfield code="2">fast</subfield><subfield code="0">(OCoLC)fst01423814</subfield></datafield><datafield ind1=" " ind2="7" tag="651"><subfield code="a">Michigan</subfield><subfield code="z">Ingham County.</subfield><subfield code="2">fast</subfield><subfield code="0">(OCoLC)fst01209050</subfield></datafield><datafield ind1=" " ind2="7" tag="651"><subfield code="a">Michigan</subfield><subfield code="z">Lansing.</subfield><subfield code="2">fast</subfield><subfield code="0">(OCoLC)fst01208349</subfield></datafield><datafield ind1=" " ind2=" " tag="752"><subfield code="a">United States</subfield><subfield code="b">Michigan</subfield><subfield code="c">Ingham</subfield><subfield code="d">Lansing.</subfield></datafield><datafield ind1="1" ind2=" " tag="775"><subfield code="t">State Republican (Lansing, Mich.)</subfield><subfield code="w">(DLC)sn 96077207</subfield><subfield code="w">(OCoLC)35791297</subfield></datafield><datafield ind1="1" ind2="0" tag="780"><subfield code="t">Lansing weekly Republican</subfield><subfield code="w">(DLC)sn 86053943</subfield><subfield code="w">(OCoLC)14907539</subfield></datafield></record>